@article{dupas2013savings,
  title={Savings constraints and microenterprise development: Evidence from a field experiment in Kenya},
  author={Dupas, Pascaline and Robinson, Jonathan},
  journal={American Economic Journal: Applied Economics},
  volume={5},
  number={1},
  pages={163--192},
  year={2013},
  publisher={American Economic Association}
}

@article{de2008returns,
	title={Returns to capital in microenterprises: evidence from a field experiment},
	author={De Mel, Suresh and McKenzie, David and Woodruff, Christopher},
	journal={The quarterly journal of Economics},
	volume={123},
	number={4},
	pages={1329--1372},
	year={2008},
	publisher={MIT Press}
}

@article{alix2012forest,
	title={Forest conservation and slippage: Evidence from Mexicoâ€™s national payments for ecosystem services program},
	author={Alix-Garcia, Jennifer M and Shapiro, Elizabeth N and Sims, Katharine RE},
	journal={Land Economics},
	volume={88},
	number={4},
	pages={613--638},
	year={2012},
	publisher={University of Wisconsin Press}
}